

@article{barbas1989architecture,
	title={Architecture and intrinsic connections of the prefrontal cortex in the rhesus monkey},
	author={Barbas, H and Pandya, DN},
	journal={Journal of Comparative Neurology},
	volume={286},
	number={3},
	pages={353--375},
	year={1989},
	publisher={Wiley Online Library}
}

@article{horel1975partial,
	title={Partial Klu{\k{E}}ver-Bucy syndrome produced by destroying temporal neocortex or amygdala},
	author={Horel, James A and Keating, E Gregory and Misantone, Louis J},
	journal={Brain research},
	volume={94},
	number={2},
	pages={347--359},
	year={1975},
	publisher={Elsevier}
}

@article{price2010neurocircuitry,
	title={Neurocircuitry of mood disorders},
	author={Price, Joseph L and Drevets, Wayne C},
	journal={Neuropsychopharmacology},
	volume={35},
	number={1},
	pages={192--216},
	year={2010},
	publisher={Nature Publishing Group}
}

@article{carmichael1995limbic,
	title={Limbic connections of the orbital and medial prefrontal cortex in macaque monkeys},
	author={Carmichael, ST and Price, Ji L},
	journal={Journal of comparative neurology},
	volume={363},
	number={4},
	pages={615--641},
	year={1995},
	publisher={Wiley Online Library}
}

@article{stefanacci2002some,
	title={Some observations on cortical inputs to the macaque monkey amygdala: an anterograde tracing study},
	author={Stefanacci, Lisa and Amaral, David G},
	journal={Journal of Comparative Neurology},
	volume={451},
	number={4},
	pages={301--323},
	year={2002},
	publisher={Wiley Online Library}
}

@article{amaral1984amygdalo,
	title={Amygdalo-cortical projections in the monkey (Macaca fascicularis)},
	author={Amaral, DG and Price, JL},
	journal={Journal of Comparative Neurology},
	volume={230},
	number={4},
	pages={465--496},
	year={1984},
	publisher={Wiley Online Library}
}

@article{gerbella2011cortical,
	title={Cortical connections of the anterior (F5a) subdivision of the macaque ventral premotor area F5},
	author={Gerbella, Marzio and Belmalih, Abdelouahed and Borra, Elena and Rozzi, Stefano and Luppino, Giuseppe},
	journal={Brain Structure and Function},
	volume={216},
	pages={43--65},
	year={2011},
	publisher={Springer}
}

@article{fogassi2001cortical,
	title={Cortical mechanism for the visual guidance of hand grasping movements in the monkey: A reversible inactivation study},
	author={Fogassi, Leonardo and Gallese, Vittorio and Buccino, Giovanni and Craighero, Laila and Fadiga, Luciano and Rizzolatti, Giacomo},
	journal={Brain},
	volume={124},
	number={3},
	pages={571--586},
	year={2001},
	publisher={Oxford University Press}
}

@article{goulet2001neural,
	title={Neural substrates of crossmodal association memory in monkeys: the amygdala versus the anterior rhinal cortex.},
	author={Goulet, Sonia and Murray, Elisabeth A},
	journal={Behavioral neuroscience},
	volume={115},
	number={2},
	pages={271},
	year={2001},
	publisher={American Psychological Association}
}

@article{mishkin1979analogous,
	title={Analogous neural models for tactual and visual learning},
	author={Mishkin, Mortimer},
	journal={Neuropsychologia},
	volume={17},
	number={2},
	pages={139--151},
	year={1979},
	publisher={Elsevier}
}

@article{murray2007visual,
	title={Visual perception and memory: a new view of medial temporal lobe function in primates and rodents},
	author={Murray, Elisabeth A and Bussey, Timothy J and Saksida, Lisa M},
	journal={Annu. Rev. Neurosci.},
	volume={30},
	pages={99--122},
	year={2007},
	publisher={Annual Reviews}
}

@article{rauschecker1995processing,
	title={Processing of complex sounds in the macaque nonprimary auditory cortex},
	author={Rauschecker, Josef P and Tian, Biao and Hauser, Marc},
	journal={Science},
	volume={268},
	number={5207},
	pages={111--114},
	year={1995},
	publisher={American Association for the Advancement of Science}
}

@article{micheyl2005perceptual,
	title={Perceptual organization of tone sequences in the auditory cortex of awake macaques},
	author={Micheyl, Christophe and Tian, Biao and Carlyon, Robert P and Rauschecker, Josef P},
	journal={Neuron},
	volume={48},
	number={1},
	pages={139--148},
	year={2005},
	publisher={Elsevier}
}

@article{tian2001functional,
	title={Functional specialization in rhesus monkey auditory cortex},
	author={Tian, Biao and Reser, David and Durham, Amy and Kustov, Alexander and Rauschecker, Josef P},
	journal={Science},
	volume={292},
	number={5515},
	pages={290--293},
	year={2001},
	publisher={American Association for the Advancement of Science}
}

@article{huxlin2000perceptual,
	title={Perceptual deficits after lesions of inferotemporal cortex in macaques},
	author={Huxlin, Krystel R and Saunders, Richard C and Marchionini, Deanna and Pham, Hong-An and Merigan, William H},
	journal={Cerebral Cortex},
	volume={10},
	number={7},
	pages={671--683},
	year={2000},
	publisher={Oxford University Press}
}

@article{saleem2008complementary,
	title={Complementary circuits connecting the orbital and medial prefrontal networks with the temporal, insular, and opercular cortex in the macaque monkey},
	author={Saleem, Kadharbatcha S and Kondo, Hideki and Price, Joseph L},
	journal={Journal of Comparative Neurology},
	volume={506},
	number={4},
	pages={659--693},
	year={2008},
	publisher={Wiley Online Library}
}

@article{suzuki1994perirhinal,
	title={Perirhinal and parahippocampal cortices of the macaque monkey: cortical afferents},
	author={Suzuki, Wendy L and Amaral, David G},
	journal={Journal of comparative neurology},
	volume={350},
	number={4},
	pages={497--533},
	year={1994},
	publisher={Wiley Online Library}
}

@article{seltzer1996overlapping,
	title={Overlapping and nonoverlapping cortical projections to cortex of the superior temporal sulcus in the rhesus monkey: double anterograde tracer studies},
	author={Seltzer, Benjamin and Cola, Monique G and Gutierrez, Carolina and Massee, Michael and Weldon, Christopher and Cusick, Catherine G},
	journal={Journal of Comparative Neurology},
	volume={370},
	number={2},
	pages={173--190},
	year={1996},
	publisher={Wiley Online Library}
}

@article{webster1994connections,
	title={Connections of inferior temporal areas TEO and TE with parietal and frontal cortex in macaque monkeys},
	author={Webster, Maree J and Bachevalier, Jocelyne and Ungerleider, Leslie G},
	journal={Cerebral cortex},
	volume={4},
	number={5},
	pages={470--483},
	year={1994},
	publisher={Oxford University Press}
}

@article{ungerleider1989projections,
	title={Projections from inferior temporal cortex to prefrontal cortex via the uncinate fascicle in rhesus monkeys},
	author={Ungerleider, LG and Gaffan, D and Pelak, VS},
	journal={Experimental brain research},
	volume={76},
	pages={473--484},
	year={1989},
	publisher={Springer}
}

@article{petrides2002comparative,
	title={Comparative cytoarchitectonic analysis of the human and the macaque ventrolateral prefrontal cortex and corticocortical connection patterns in the monkey},
	author={Petrides, Michael and Pandya, DN},
	journal={European Journal of Neuroscience},
	volume={16},
	number={2},
	pages={291--310},
	year={2002},
	publisher={Wiley Online Library}
}

@article{shu2003head,
	title={Head and backbone of the Early Cambrian vertebrate Haikouichthys},
	author={Shu, D-G and Morris, S Conway and Han, JIAN and Zhang, Z-F and Yasui, K and Janvier, P and Chen, LING and Zhang, X-L and Liu, J-N and Li, YONG and others},
	journal={Nature},
	volume={421},
	number={6922},
	pages={526--529},
	year={2003},
	publisher={Nature Publishing Group UK London}
}


@article{en3,
  title={{The Mechanism and Effectiveness of Credit Scoring of P2P Lending Platform: Evidence from Renrendai.com}},
  author={Li, Qiang and Chen, Liwen and Zeng, Yong},
  journal={China Finance Review International},
  volume={8},
  number={3},
  pages={256--274},
  year={2018},
  publisher={Emerald Publishing Limited}
}


@article{en2,
   author = {Carlstrom, Charles T and Fuerst, Timothy S},
   title = {{Agency Costs, Net Worth, and Business Fluctuations: A Computable General Equilibrium Analysis}},
   journal = {The American Economic Review},
   pages = {893-910},
   ISSN = {0002-8282},
   year = {1997},
   type = {Journal Article}
}

@article{en1,
   author = {Quadrini, Vincenzo},
   title = {{Financial Frictions in Macroeconomic Fluctuations}},
   journal = {FRB Richmond Economic Quarterly},
   volume = {97},
   number = {3},
   pages = {209-254},
   year = {2011},
   type = {Journal Article}
}

@article{cn1,
   author = {方军雄},
   key = {fang1 jun1 xiong2},
   title = {{所有制、制度环境与信贷资金配置}},
   journal = {经济研究},
   number = {12},
   pages = {82-92},
   ISSN = {0577-9154},
   year = {2007},
   type = {Journal Article}
}

@article{cn2,
   author = {刘凤良 and 章潇萌 and 于泽},
   key = {liu2 feng4 liang2 zhang1 xiao1 meng2 yu2 ze2},
   title = {{高投资、结构失衡与价格指数二元分化}},
   journal = {金融研究},
   number = {02},
   pages = {54-69},
   ISSN = {1002-7246},
   year = {2017},
   type = {Journal Article}
}

@article{cn3,
   author = {吕捷 and 王高望},
   key = {lv3 jie2 wang2 gao1 wang4},
   title = {{CPI 与 PPI “背离”的结构性解释}},
   journal = {经济研究},
   volume = {50},
   number = {04},
   pages = {136-149},
   ISSN = {0577-9154},
   year = {2015},
   type = {Journal Article}
}

